@article{sarkar2018nqueens,
  title     = {An Adaptive Genetic Algorithm for Solving N-Queens Problem},
  author    = {Sarkar, Uddalok and Nag, Sayan},
  year      = {2017},
  publisher = {Cornell University Library},
  journal   = {arXiv preprint arXiv:1802.02006},
  note      = {\url{https://arxiv.org/abs/1802.02006}}
}
@article{cao2020parallel,
  title     = {Parallel Genetic Algorithm for N-Queens Problem Based on Message Passing Interface--Compute Unified Device Architecture},
  author    = {Cao, Jianli and Chen, Zhikui and Wang, Yuxin and Guo, He},
  year      = {2020},
  publisher = {Wiley},
  journal   = {Computational Intelligence},
  volume    = {36},
  number    = {4},
  pages     = {1621--1637},
  doi       = {10.1111/coin.12300},
  note      ={\url{https://onlinelibrary.wiley.com/doi/10.1111/coin.12300}}
}
@inproceedings{sharma2021novelMutation,
  title     = {Solving N-Queen Problem by Genetic Algorithm Using Novel Mutation Operator},
  author    = {Sharma, Sachin and Jain, Vinod},
  booktitle = {IOP Conference Series: Materials Science and Engineering},
  volume    = {1116},
  pages     = {012195},
  year      = {2021},
  publisher = {IOP Publishing},
  doi       = {10.1088/1757-899X/1116/1/012195},
  note       = {\url{https://doi.org/10.1088/1757-899X/1116/1/012195}}
}